@article{lee2006intersectoral,
  title={Intersectoral labor mobility and the growth of the service sector},
  author={Lee, Donghoon and Wolpin, Kenneth I},
  journal={Econometrica},
  volume={74},
  number={1},
  pages={1--46},
  year={2006},
  publisher={Wiley Online Library}
}


@article{dix2014trade,
  title={Trade liberalization and labor market dynamics},
  author={Dix-Carneiro, Rafael},
  journal={Econometrica},
  volume={82},
  number={3},
  pages={825--885},
  year={2014},
  publisher={Wiley Online Library}
}

@article{diamond2016determinants,
  title={The determinants and welfare implications of US workers' diverging location choices by skill: 1980-2000},
  author={Diamond, Rebecca},
  journal={American Economic Review},
  volume={106},
  number={3},
  pages={479--524},
  year={2016}
}

@inproceedings{giannone2017skill,
  title={Skill-biased technical change and regional convergence},
  author={Giannone, Elisa and others},
  booktitle={2017 Meeting Papers},
  number={190},
  year={2017},
  organization={Society for Economic Dynamics}
}


@article{yamaguchi2012tasks,
  title={Tasks and heterogeneous human capital},
  author={Yamaguchi, Shintaro},
  journal={Journal of Labor Economics},
  volume={30},
  number={1},
  pages={1--53},
  year={2012},
  publisher={University of Chicago Press Chicago, IL}
}

@article{lise2020multidimensional,
  title={Multidimensional skills, sorting, and human capital accumulation},
  author={Lise, Jeremy and Postel-Vinay, Fabien},
  journal={American Economic Review},
  volume={110},
  number={8},
  pages={2328--76},
  year={2020}
}


@article{sanders2012life,
  title={Life-cycle wage growth and heterogeneous human capital},
  author={Sanders, Carl and Taber, Christopher and others},
  journal={Annual Review of Economics},
  volume={4},
  number={1},
  pages={399--425},
  year={2012},
  publisher={Annual Reviews 4139 El Camino Way, PO Box 10139, Palo Alto, California 94303~…}
}


@article{guvenen2020multidimensional,
  title={Multidimensional skill mismatch},
  author={Guvenen, Fatih and Kuruscu, Burhan and Tanaka, Satoshi and Wiczer, David},
  journal={American Economic Journal: Macroeconomics},
  volume={12},
  number={1},
  pages={210--44},
  year={2020}
}

@article{heckman1985heterogeneity,
  title={Heterogeneity, aggregation, and market wage functions: an empirical model of self-selection in the labor market},
  author={Heckman, James J and Sedlacek, Guilherme},
  journal={Journal of political Economy},
  volume={93},
  number={6},
  pages={1077--1125},
  year={1985},
  publisher={The University of Chicago Press}
}

@techreport{grigsby2022skill,
  title={Skill Heterogeneity and Aggregate Labor Market Dynamics},
  author={Grigsby, John R},
  year={2022},
  institution={National Bureau of Economic Research}
}

@article{llull2018immigration,
  title={Immigration, wages, and education: A labour market equilibrium structural model},
  author={Llull, Joan},
  journal={The Review of Economic Studies},
  volume={85},
  number={3},
  pages={1852--1896},
  year={2018},
  publisher={Oxford University Press}
}

@article{rust1987optimal,
  title={Optimal replacement of GMC bus engines: An empirical model of Harold Zurcher},
  author={Rust, John},
  journal={Econometrica: Journal of the Econometric Society},
  pages={999--1033},
  year={1987},
  publisher={JSTOR}
}


@article{llull2018immigration,
  title={Immigration, wages, and education: A labour market equilibrium structural model},
  author={Llull, Joan},
  journal={The Review of Economic Studies},
  volume={85},
  number={3},
  pages={1852--1896},
  year={2018},
  publisher={Oxford University Press}
}


@article{autor2003skill,
  title={The skill content of recent technological change: An empirical exploration},
  author={Autor, David H and Levy, Frank and Murnane, Richard J},
  journal={The Quarterly journal of economics},
  volume={118},
  number={4},
  pages={1279--1333},
  year={2003},
  publisher={MIT Press}
}

@article{autor2006polarization,
  title={The polarization of the US labor market},
  author={Autor, David H and Katz, Lawrence F and Kearney, Melissa S},
  journal={American economic review},
  volume={96},
  number={2},
  pages={189--194},
  year={2006},
  publisher={American Economic Association}
}

@article{acemoglu2018race,
  title={The race between man and machine: Implications of technology for growth, factor shares, and employment},
  author={Acemoglu, Daron and Restrepo, Pascual},
  journal={American economic review},
  volume={108},
  number={6},
  pages={1488--1542},
  year={2018},
  publisher={American Economic Association 2014 Broadway, Suite 305, Nashville, TN 37203}
}

@article{acemoglu2020robots,
  title={Robots and jobs: Evidence from US labor markets},
  author={Acemoglu, Daron and Restrepo, Pascual},
  journal={Journal of political economy},
  volume={128},
  number={6},
  pages={2188--2244},
  year={2020},
  publisher={The University of Chicago Press Chicago, IL}
}

@article{acemoglu2022tasks,
  title={Tasks, automation, and the rise in US wage inequality},
  author={Acemoglu, Daron and Restrepo, Pascual},
  journal={Econometrica},
  volume={90},
  number={5},
  pages={1973--2016},
  year={2022},
  publisher={Wiley Online Library}
}

@article{caliendo2019trade,
  title={Trade and labor market dynamics: General equilibrium analysis of the china trade shock},
  author={Caliendo, Lorenzo and Dvorkin, Maximiliano and Parro, Fernando},
  journal={Econometrica},
  volume={87},
  number={3},
  pages={741--835},
  year={2019},
  publisher={Wiley Online Library}
}

@article{card2002skill,
  title={Skill-biased technological change and rising wage inequality: Some problems and puzzles},
  author={Card, David and DiNardo, John E},
  journal={Journal of labor economics},
  volume={20},
  number={4},
  pages={733--783},
  year={2002},
  publisher={The University of Chicago Press}
}


@techreport{haltiwanger2022industries,
  title={Industries, mega firms, and increasing inequality},
  author={Haltiwanger, John C and Hyatt, Henry R and Spletzer, James},
  year={2022},
  institution={National Bureau of Economic Research}
}


@article{gilchrist2012credit,
  title={Credit spreads and business cycle fluctuations},
  author={Gilchrist, Simon and Zakraj{\v{s}}ek, Egon},
  journal={American economic review},
  volume={102},
  number={4},
  pages={1692--1720},
  year={2012},
  publisher={American Economic Association}
}

@article{bigio2020distortions,
  title={Distortions in production networks},
  author={Bigio, Saki and La’o, Jennifer},
  journal={The Quarterly Journal of Economics},
  volume={135},
  number={4},
  pages={2187--2253},
  year={2020},
  publisher={Oxford University Press}
}

